<?xml version="1.0" encoding="UTF-8"?><collection xmlns="http://www.loc.gov/MARC21/slim"><record><leader>00342nam--2200121-i-4500</leader><controlfield tag="001">000044713</controlfield><controlfield tag="002">20161230</controlfield><controlfield tag="005">20161230201044</controlfield><controlfield tag="008">060222s1000------------r-----000-0-eng-d</controlfield><datafield ind1=" " ind2=" " tag="100"><subfield code="a">Tikerman, L.I</subfield></datafield><datafield ind1=" " ind2=" " tag="245"><subfield code="a">Lupta impotriva coroziunii conductelor metalice subterane. trad.din l.rusa</subfield></datafield><datafield ind1=" " ind2=" " tag="260"><subfield code="a">Bucuresti, I.D.T., 1951, 167p.Lito</subfield></datafield><datafield ind1=" " ind2=" " tag="852"><subfield code="a">2679</subfield></datafield></record></collection>